<?xml version="1.0" encoding="UTF-8"?>
<collection xmlns:xsi="http://www.w3.org/2001/XMLSchema-instance" xsi:schemaLocation="http://www.loc.gov/MARC21/slim http://www.loc.gov/standards/marcxml/schema/MARC21slim.xsd" xmlns="http://www.loc.gov/MARC21/slim">
<record>
  <leader>02231cam a2200385La 4500</leader>
  <controlfield tag="001">3082661</controlfield>
  <controlfield tag="003">NNC</controlfield>
  <controlfield tag="005">20140502152811.0</controlfield>
  <controlfield tag="008">010911s1883    ua            000 0 ara d</controlfield>
  <datafield tag="035" ind1=" " ind2=" ">
    <subfield code="9">ATQ9193CU</subfield>
  </datafield>
  <datafield tag="035" ind1=" " ind2=" ">
    <subfield code="a">(OCoLC)ocn122653601</subfield>
  </datafield>
  <datafield tag="040" ind1=" " ind2=" ">
    <subfield code="a">UkOxU</subfield>
    <subfield code="b">eng</subfield>
    <subfield code="c">EQO</subfield>
    <subfield code="d">OCLCG</subfield>
    <subfield code="d">OCLCA</subfield>
    <subfield code="d">OCLCQ</subfield>
  </datafield>
  <datafield tag="035" ind1=" " ind2=" ">
    <subfield code="a">(OCoLC)122653601</subfield>
  </datafield>
  <datafield tag="049" ind1=" " ind2=" ">
    <subfield code="a">ZCUA</subfield>
  </datafield>
  <datafield tag="100" ind1="1" ind2=" ">
    <subfield code="6">880-01</subfield>
    <subfield code="a">Ibn Ḥajar al-ʻAsqalānī, Aḥmad ibn ʻAlī,</subfield>
    <subfield code="d">1372-1449.</subfield>
  </datafield>
  <datafield tag="240" ind1="1" ind2="0">
    <subfield code="6">880-02</subfield>
    <subfield code="a">Raḥmah al-ghaythīyah bi-al-tarjamah al-Laythīyah</subfield>
  </datafield>
  <datafield tag="245" ind1="1" ind2="0">
    <subfield code="6">880-03</subfield>
    <subfield code="a">Kitāb al-raḥmah al-ghaythīyah bil-tarjamah al-Laythīyah fī manāqib al-Imām al-Layth ibn Saʻd /</subfield>
    <subfield code="c">li-Abī al-Faḍl Shihāb al-Dīn Aḥmad al-shahīr bi-Ibn Ḥajar al-ʻAsqalānī. Wa-yalīhi Tawālī al-taʼsīs bi-maʻālī Ibn Idrīs fī manāqib al-Imām al-Shāfiʻī / li-ibn Ḥajar ayḍan.</subfield>
  </datafield>
  <datafield tag="246" ind1="3" ind2="0">
    <subfield code="6">880-04</subfield>
    <subfield code="a">Tawālī al-taʼsīs bi-maʻālī Ibn Idrīs</subfield>
  </datafield>
  <datafield tag="250" ind1=" " ind2=" ">
    <subfield code="6">880-05</subfield>
    <subfield code="a">al-Ṭabʻah 1.</subfield>
  </datafield>
  <datafield tag="260" ind1=" " ind2=" ">
    <subfield code="6">880-06</subfield>
    <subfield code="a">Būlāq :</subfield>
    <subfield code="b">al-Maṭbaʻah al-Amīrīyah,</subfield>
    <subfield code="c">1301 [1883 or 1884]</subfield>
  </datafield>
  <datafield tag="300" ind1=" " ind2=" ">
    <subfield code="a">88 pages ;</subfield>
    <subfield code="c">29 cm</subfield>
  </datafield>
  <datafield tag="336" ind1=" " ind2=" ">
    <subfield code="a">text</subfield>
    <subfield code="b">txt</subfield>
    <subfield code="2">rdacontent</subfield>
  </datafield>
  <datafield tag="337" ind1=" " ind2=" ">
    <subfield code="a">unmediated</subfield>
    <subfield code="b">n</subfield>
    <subfield code="2">rdamedia</subfield>
  </datafield>
  <datafield tag="338" ind1=" " ind2=" ">
    <subfield code="a">volume</subfield>
    <subfield code="b">nc</subfield>
    <subfield code="2">rdacarrier</subfield>
  </datafield>
  <datafield tag="600" ind1="0" ind2="0">
    <subfield code="6">880-07</subfield>
    <subfield code="a">Layth ibn Saʻd,</subfield>
    <subfield code="d">713-791.</subfield>
  </datafield>
  <datafield tag="600" ind1="1" ind2="0">
    <subfield code="6">880-08</subfield>
    <subfield code="a">Shāfiʻī, Muḥammad ibn Idrīs,</subfield>
    <subfield code="d">767 or 768-820.</subfield>
  </datafield>
  <datafield tag="880" ind1="1" ind2=" ">
    <subfield code="6">100-01/r</subfield>
    <subfield code="a">ابن حجر العسقلاني، أحمد ابن علي.</subfield>
  </datafield>
  <datafield tag="880" ind1="1" ind2="0">
    <subfield code="6">240-02/r</subfield>
    <subfield code="a">الرحمة الغيثية بالترجمة الليثية</subfield>
  </datafield>
  <datafield tag="880" ind1="1" ind2="0">
    <subfield code="6">245-03/r</subfield>
    <subfield code="a">كتاب الرحمة الغيثية بالترجمة الليثية في مناقب الإمام الليث ابن سعد /</subfield>
    <subfield code="c">لأبي الفضل شهاب الدين أحمد الشهير بابن حجر العسقلاني. ويليه توالي التأسيس بمعالي ابن ادريس في مناقب الشافعي / لابن حجر أيضا.</subfield>
  </datafield>
  <datafield tag="880" ind1="3" ind2="0">
    <subfield code="6">246-04/r</subfield>
    <subfield code="a">توالي التأسيس بمعالي ابن إدريس</subfield>
  </datafield>
  <datafield tag="880" ind1=" " ind2=" ">
    <subfield code="6">250-05/r</subfield>
    <subfield code="a">الطبعة 1.</subfield>
  </datafield>
  <datafield tag="880" ind1=" " ind2=" ">
    <subfield code="6">260-06/r</subfield>
    <subfield code="a">بولاق :</subfield>
    <subfield code="b">المطبعة الميرية،</subfield>
    <subfield code="c">١٣٠١ [١٨٨٣]</subfield>
  </datafield>
  <datafield tag="880" ind1="0" ind2="4">
    <subfield code="6">600-07/r</subfield>
    <subfield code="a">ليث بن سعد.</subfield>
  </datafield>
  <datafield tag="880" ind1="1" ind2="4">
    <subfield code="6">600-08/r</subfield>
    <subfield code="a">شافعي، محمد بن إدريس.</subfield>
  </datafield>
  <datafield tag="955" ind1=" " ind2=" ">
    <subfield code="b">CU58898832</subfield>
    <subfield code="d">off,glx</subfield>
    <subfield code="e">893.795 Ib534</subfield>
  </datafield>
</record>
</collection>